@book{mckinney2022python,
  title={Python for Data Analysis},
  author={McKinney, Wes},
  year=2022,
  edition=3,
  publisher={O'Reilly Media, Inc.},
  howpublished={\url{https://wesmckinney.com/book/}}
}

@book{welch2022corporate,
  title={Corporate Finance},
  author={Welch, Ivo},
  year={2022},
  edition=5,
  publisher={Ivo Welch},
  howpublished={\url{https://book.ivo-welch.info/home/}}
}